@article{hottung2020,
    author  = {André Hottung and Shunji Tanaka and Kevin Tierney},
    year    = {2020},
    title   = {Deep learning assisted heuristic tree search for the container pre-marshalling problem},
    journal = {Computers \& Operations Research},
    volume  = {113},
    pages   = {104781},
    issn    = {0305-0548},
    doi     = {https://doi.org/10.1016/j.cor.2019.104781},
    url     = {https://www.sciencedirect.com/science/article/pii/S0305054819302230},
}

@inbook{hirashima2008,
    author      = {Yasuhiro Hirashima},
    year        = {2008},
    title       = {An Intelligent Marshalling Plan Using a New Reinforcement Learning System for Container Yard Terminals},
    month       = {10},
    pages       = {},
    isbn        = {978-953-7619-20-6},
    doi         = {10.5772/6281}
}

@article{jovanovic2015,
    author      = {Raka Jovanovic and Milan Tuba and Stefan Voß},
    year        = {2015},
    title       = {A multi-heuristic approach for solving the pre-marshalling problem},
    journal     = {Central European Journal of Operations Research},
    volume      = {25},
    pages       = {1-28},
    doi         = {https://doi.org/10.1007/s10100-015-0410-y},
    url         = {https://link.springer.com/article/10.1007/s10100-015-0410-y},
}

@article{jiang2021,
	author      = {Tiecheng Jiang and Bo Zeng and Yong Wang and Wei Yan},
	year        = 2021,
	title       = {A New Heuristic Reinforcement Learning for Container Relocation Problem},
	journal     = {Journal of Physics: Conference Series},
	volume      = {1873},
	number      = {1},
	month       = {Apr.},
	publisher   = {{IOP} Publishing},
	pages       = {012050},
	doi         = {10.1088/1742-6596/1873/1/012050},
	url         = {https://doi.org/10.1088/1742-6596/1873/1/012050},
}

@inproceedings{tierney2015,
    author      = {Kevin Tierney and Yuri Malitsky},
    editor      = {Clarisse Dhaenens and Laetitia Jourdan and Marie-El{\'e}onore Marmion},
    title       = {An Algorithm Selection Benchmark of the Container Pre-marshalling Problem},
    booktitle   = {Learning and Intelligent Optimization},
    year        = {2015},
    publisher   = {Springer International Publishing},
    address     = {Cham},
    pages       = {17-22},
    isbn        = {978-3-319-19084-6}
}

@inproceedings{bucur2017,
    author      = {Paul Alexandru Bucur and P. Hungerländer},
    title       = {A Reinforcement Learning Approach for the Dynamic Container Relocation Problem},
    year        = {2017}
}

@article{zhang2020,
  author        = {Zhang, Canrong and Guan, Hao and Yuan, Yifei and Chen, Weiwei and Wu, Tao},
  title         = {{Machine learning-driven algorithms for the container relocation problem}},
  journal       = {Transportation Research Part B: Methodological},
  year          = {2020},
  volume        = {139},
  number        = {C},
  pages         = {102-131},
  month         = {},
  keywords      = {Container relocation; branch-and-bound algorithm; beam search; machine learning-driven technique},
  doi           = {10.1016/j.trb.2020.05.017},
  url           = {https://ideas.repec.org/a/eee/transb/v139y2020icp102-131.html}
}

@article{kotthoff2014,
    author      = {Lars Kotthoff},
    year        = {2014},
    title       = {Algorithm Selection for Combinatorial Search Problems: A Survey},
    journal     = {AI Magazine},
    volume      = {35},
    number      = {3},
    month       = {Sep.},
    pages       = {48-60},
    url         = {https://ojs.aaai.org/index.php/aimagazine/article/view/2460},
    DOI         = {10.1609/aimag.v35i3.2460}
}

@inproceedings{reichler2004,
    author      = {Jesse A. Reichler and Harlan D. Harris and Michael A. Savchenko},
    year        = {2004},
    title       = {Online Parallel Boosting},
    publisher   = {AAAI Press},
    booktitle   = {Proceedings of the 19th National Conference on Artifical Intelligence},
    pages       = {366–371},
    numpages    = {6},
    series      = {AAAI'04},
    location    = {San Jose, California},
    isbn        = {0262511835}
}

@manual{openai-ppo,
    author      = {OpenAI},
    year        = {2018},
    title       = {Algorithms docs: Proximal Policy Optimization},
    organization = {OpenAI},
    url         = {https://spinningup.openai.com/en/latest/algorithms/ppo.html}
}

@manual{openai-sac,
    author      = {OpenAI},
    year        = {2018},
    title       = {Algorithms docs: Soft Actor-Critic},
    organization = {OpenAI},
    url         = {https://spinningup.openai.com/en/latest/algorithms/sac.html}
}

@misc{schulman2017,
    title       = {Proximal Policy Optimization Algorithms}, 
    author      = {John Schulman and Filip Wolski and Prafulla Dhariwal and Alec Radford and Oleg Klimov},
    year        = {2017},
    eprint      = {1707.06347},
    url         = {https://arxiv.org/abs/1707.06347},
}

@misc{haarnoja2018,
    author      = {Tuomas Haarnoja and Aurick Zhou and Pieter Abbeel and Sergey Levine},
    year        = {2018},
    title       = {Soft Actor-Critic: Off-Policy Maximum Entropy Deep Reinforcement Learning with a Stochastic Actor}, 
}

@mastersthesis{metz2020,
  author       = {Lucas A. E. Pineda Metz}, 
  title        = {{An Evaluation of Unity ML-Agents Toolkit for Learning Boss Strategies}},
  school       = {School of Technology -- Reykjavik University},
  year         = 2020,
  month        = {Sep.}
}
